<record><leader>00000cas a22000007a 4500</leader><controlfield tag="001">13101361</controlfield><controlfield tag="008">860203d18851885mtudn ne      0    0eng d</controlfield><datafield ind1=" " ind2=" " tag="010"><subfield code="a">sn 86075036 </subfield></datafield><datafield ind1=" " ind2=" " tag="040"><subfield code="a">MTL</subfield><subfield code="b">eng</subfield><subfield code="c">MTL</subfield><subfield code="d">OCLCQ</subfield></datafield><datafield ind1=" " ind2=" " tag="042"><subfield code="a">msc</subfield></datafield><datafield ind1="0" ind2=" " tag="130"><subfield code="a">Daily Montanian (Helena, Mont.)</subfield></datafield><datafield ind1="1" ind2="0" tag="245"><subfield code="a">Daily Montanian.</subfield></datafield><datafield ind1=" " ind2=" " tag="260"><subfield code="a">Helena, Mont. :</subfield><subfield code="b">Montana Pub. Co.,</subfield><subfield code="c">-1885.</subfield></datafield><datafield ind1=" " ind2=" " tag="300"><subfield code="a">v. :</subfield><subfield code="b">ill. (chiefly ads.) ;</subfield><subfield code="c">54 cm.</subfield></datafield><datafield ind1=" " ind2=" " tag="310"><subfield code="a">Daily (except Sun.)</subfield></datafield><datafield ind1="0" ind2=" " tag="362"><subfield code="a">-v. 1, no. 36 (Feb. 13, 1885).</subfield></datafield><datafield ind1="1" ind2=" " tag="362"><subfield code="a">Began with Jan. 2, 1885.</subfield><subfield code="z">Cf. Helena daily herald, Jan. 3, 1885.</subfield></datafield><datafield ind1=" " ind2=" " tag="588"><subfield code="a">Description based on: Vol. 1, no. 33 (Feb. 10, 1885).</subfield></datafield><datafield ind1=" " ind2=" " tag="752"><subfield code="a">United States</subfield><subfield code="b">Montana</subfield><subfield code="c">Lewis and Clark</subfield><subfield code="d">Helena.</subfield></datafield><datafield ind1="1" ind2=" " tag="029"><subfield code="a">AU@</subfield><subfield code="b">000023535555</subfield></datafield></record>